@article{Survey_TTDP_Guavalas,
    title = {{A survey on algorithmic approaches for solving tourist trip design problems}},
    year = {2014},
    journal = {Journal of Heuristics},
    author = {Gavalas, Damianos and Konstantopoulos, Charalampos and Mastakas, Konstantinos and Pantziou, Grammati},
    number = {3},
    pages = {291--328},
    volume = {20},
    publisher = {Kluwer Academic Publishers},
    doi = {10.1007/s10732-014-9242-5},
    issn = {15729397},
    keywords = {Electronic tourist guide, Orienteering problem, Time windows, Tour planning, Tourist trip design problem}
}

@techreport{cbrecsys2014,
    title = {{A Travel Recommender System for Combining Multiple Travel Regions to a Composite Trip}},
    year = {2014},
    author = {Herzog, Daniel and W{\"{o}}rndl, Wolfgang},
    url = {http://en-corporate.canada.travel/resources-},
    keywords = {Control Methods, I28 [Problem Solving, and Search]: Dynamic programming}
}

@inproceedings{wolfgang_umap_recsystem,
    title = {{A web-based application for recommending travel regions}},
    year = {2017},
    booktitle = {UMAP 2017 - Adjunct Publication of the 25th Conference on User Modeling, Adaptation and Personalization},
    author = {W{\"{o}}rndl, Wolfgang},
    month = {7},
    pages = {105--106},
    publisher = {Association for Computing Machinery, Inc},
    isbn = {9781450350679},
    doi = {10.1145/3099023.3099031},
    keywords = {Recommender system, Tourist trip design problem, Travel, Web application}
}

@techreport{Oregon_Trail_Knapsack,
    title = {{Experiments with the "Oregon Trail Knapsack Problem"}},
    author = {Burg, Jennifer J and Ainsworth, John and Casto, Brian and Lang, Sheau-Dong}
}

@techreport{Exploiting_Dependency_Wolfgang,
    title = {{Exploiting Item Dependencies to Improve Tourist Trip Recommendations}},
    author = {Herzog, Daniel and W{\"{o}}rndl, Wolfgang},
    url = {www.mtrip.com/en/travel-guide/},
    keywords = {CCS Concepts •Information systems → Recommender systems, Keywords Item Dependencies, Sequential Recommendation, Tourist Trip Design Problem, POI, User Interface, •Human-centered computing → Human computer in-teraction (HCI)}
}

@inproceedings{TTDP_Extension_Sebastia,
    title = {{Extensions of the Tourist Travel Design Problem for different travel styles}},
    year = {2020},
    booktitle = {Procedia Computer Science},
    author = {Sebastia, Laura and Marzal, Eliseo},
    pages = {339--348},
    volume = {176},
    publisher = {Elsevier B.V.},
    doi = {10.1016/j.procs.2020.08.036},
    issn = {18770509},
    keywords = {Preferences, Tourist Trip Design Problem, Travel style}
}

@misc{OP_Solution_Gunawan,
    title = {{Orienteering Problem: A survey of recent variants, solution approaches and applications}},
    year = {2016},
    booktitle = {European Journal of Operational Research},
    author = {Gunawan, Aldy and Lau, Hoong Chuin and Vansteenwegen, Pieter},
    number = {2},
    month = {12},
    pages = {315--332},
    volume = {255},
    publisher = {Elsevier B.V.},
    doi = {10.1016/j.ejor.2016.04.059},
    issn = {03772217},
    keywords = {Orienteering Problem, Practical Applications, Scheduling, Survey}
}

@article{Mukhina2019OrienteeringConstruction,
    title = {{Orienteering Problem with Functional Profits for multi-source dynamic path construction}},
    year = {2019},
    journal = {PLoS ONE},
    author = {Mukhina, Ksenia D. and Visheratin, Alexander A. and Nasonov, Denis},
    number = {4},
    month = {4},
    volume = {14},
    publisher = {Public Library of Science},
    doi = {10.1371/journal.pone.0213777},
    issn = {19326203},
    pmid = {30939132}
}