@article{Survey_TTDP_Guavalas,
    title = {{A survey on algorithmic approaches for solving tourist trip design problems}},
    year = {2014},
    journal = {Journal of Heuristics},
    author = {Gavalas, Damianos and Konstantopoulos, Charalampos and Mastakas, Konstantinos and Pantziou, Grammati},
    number = {3},
    pages = {291--328},
    volume = {20},
    publisher = {Kluwer Academic Publishers},
    doi = {10.1007/s10732-014-9242-5},
    issn = {15729397},
    keywords = {Electronic tourist guide, Orienteering problem, Time windows, Tour planning, Tourist trip design problem}
}

@techreport{cbrecsys2014,
    title = {{A Travel Recommender System for Combining Multiple Travel Regions to a Composite Trip}},
    year = {2014},
    author = {Herzog, Daniel and W{\"{o}}rndl, Wolfgang},
    url = {http://en-corporate.canada.travel/resources-},
    keywords = {Control Methods, I28 [Problem Solving, and Search]: Dynamic programming}
}

@inproceedings{wolfgang_umap_recsystem,
    title = {{A web-based application for recommending travel regions}},
    year = {2017},
    booktitle = {UMAP 2017 - Adjunct Publication of the 25th Conference on User Modeling, Adaptation and Personalization},
    author = {W{\"{o}}rndl, Wolfgang},
    month = {7},
    pages = {105--106},
    publisher = {Association for Computing Machinery, Inc},
    isbn = {9781450350679},
    doi = {10.1145/3099023.3099031},
    keywords = {Recommender system, Tourist trip design problem, Travel, Web application}
}

@techreport{Oregon_Trail_Knapsack,
    title = {{Experiments with the "Oregon Trail Knapsack Problem"}},
    year = {1999},
    author = {Burg, Jennifer J and Ainsworth, John and Casto, Brian and Lang, Sheau-Dong},
    pages = {26--35},
    doi = {10.1016/S1571-0653(04)00003-4}
}

@techreport{Exploiting_Dependency_Wolfgang,
    title = {{Exploiting Item Dependencies to Improve Tourist Trip Recommendations}},
    year = {2016},
    author = {Herzog, Daniel and W{\"{o}}rndl, Wolfgang},
    url = {www.mtrip.com/en/travel-guide/},
    keywords = {CCS Concepts •Information systems → Recommender systems, Keywords Item Dependencies, Sequential Recommendation, Tourist Trip Design Problem, POI, User Interface, •Human-centered computing → Human computer in-teraction (HCI)}
}

@inproceedings{TTDP_Extension_Sebastia,
    title = {{Extensions of the Tourist Travel Design Problem for different travel styles}},
    year = {2020},
    booktitle = {Procedia Computer Science},
    author = {Sebastia, Laura and Marzal, Eliseo},
    pages = {339--348},
    volume = {176},
    publisher = {Elsevier B.V.},
    doi = {10.1016/j.procs.2020.08.036},
    issn = {18770509},
    keywords = {Preferences, Tourist Trip Design Problem, Travel style}
}

@misc{OP_Solution_Gunawan,
    title = {{Orienteering Problem: A survey of recent variants, solution approaches and applications}},
    year = {2016},
    booktitle = {European Journal of Operational Research},
    author = {Gunawan, Aldy and Lau, Hoong Chuin and Vansteenwegen, Pieter},
    number = {2},
    month = {12},
    pages = {315--332},
    volume = {255},
    publisher = {Elsevier B.V.},
    doi = {10.1016/j.ejor.2016.04.059},
    issn = {03772217},
    keywords = {Orienteering Problem, Practical Applications, Scheduling, Survey}
}

@inproceedings{MCKP_CustomProducts,
    title = {{Recommending customizable products: A multiple choice knapsack solution}},
    year = {2015},
    booktitle = {ACM International Conference Proceeding Series},
    author = {Sivaramakrishnan, Aravind and Krishnamachari, Madhusudhan and Balasubramanian, Vidhya},
    month = {7},
    volume = {13-15-July-2015},
    publisher = {Association for Computing Machinery},
    isbn = {9781450332934},
    doi = {10.1145/2797115.2797116},
    keywords = {Customizable Products, Customization, Recommender System}
}

@inproceedings{Dang2013AProblem,
    title = {{A branch-and-cut algorithm for solving the Team Orienteering Problem}},
    year = {2013},
    booktitle = {Lecture Notes in Computer Science (including subseries Lecture Notes in Artificial Intelligence and Lecture Notes in Bioinformatics)},
    author = {Dang, Duc Cuong and El-Hajj, Racha and Moukrim, Aziz},
    volume = {7874 LNCS},
    doi = {10.1007/978-3-642-38171-3{\_}23},
    issn = {03029743}
}

@article{CoelloCoello1999ATechniques,
    title = {{A Comprehensive Survey of Evolutionary-Based Multiobjective Optimization Techniques}},
    year = {1999},
    journal = {Knowledge and Information Systems},
    author = {Coello Coello, Carlos A.},
    number = {3},
    volume = {1},
    doi = {10.1007/bf03325101},
    issn = {0219-1377}
}

@article{CoelloCoello1999ATechniquesb,
    title = {{A Comprehensive Survey of Evolutionary-Based Multiobjective Optimization Techniques}},
    year = {1999},
    journal = {Knowledge and Information Systems},
    author = {Coello Coello, Carlos A.},
    number = {3},
    volume = {1},
    doi = {10.1007/bf03325101},
    issn = {0219-1377}
}

@article{CoelloCoello1999ATechniquesc,
    title = {{A Comprehensive Survey of Evolutionary-Based Multiobjective Optimization Techniques}},
    year = {1999},
    journal = {Knowledge and Information Systems},
    author = {Coello Coello, Carlos A.},
    number = {3},
    volume = {1},
    doi = {10.1007/bf03325101},
    issn = {0219-1377}
}

@misc{Namazi2019AProblems,
    title = {{A Cooperative Coordination Solver for Travelling Thief Problems}},
    year = {2019},
    author = {Namazi, Majid and Sanderson, Conrad and Newton, M A Hakim and Sattar, Abdul},
    volume = {},
    url = {https://export.arxiv.org/pdf/1911.03124.pdf},
    language = {}
}

@inproceedings{Faeda2020AProblem,
    title = {{A Genetic Algorithm for the Thief Orienteering Problem}},
    year = {2020},
    booktitle = {2020 IEEE Congress on Evolutionary Computation, CEC 2020 - Conference Proceedings},
    author = {Faeda, Leonardo M. and Santos, Andre G.},
    doi = {10.1109/CEC48606.2020.9185848}
}

@inproceedings{Nieto-Fuentes2018AProblem,
    title = {{A Guided Local Search Approach for the Travelling Thief Problem}},
    year = {2018},
    booktitle = {2018 IEEE Congress on Evolutionary Computation, CEC 2018 - Proceedings},
    author = {Nieto-Fuentes, Ricardo and Segura, Carlos and Valdez, S. Ivvan},
    doi = {10.1109/CEC.2018.8477821}
}

@article{Divsalar2014ASelection,
    title = {{A memetic algorithm for the orienteering problem with hotel selection}},
    year = {2014},
    journal = {European Journal of Operational Research},
    author = {Divsalar, A. and Vansteenwegen, P. and S{\"{o}}rensen, K. and Cattrysse, D.},
    number = {1},
    volume = {237},
    doi = {10.1016/j.ejor.2014.01.001},
    issn = {03772217}
}

@article{Lu2018AConstraints,
    title = {{A memetic algorithm for the Orienteering Problem with Mandatory Visits and Exclusionary Constraints}},
    year = {2018},
    journal = {European Journal of Operational Research},
    author = {Lu, Yongliang and Benlic, Una and Wu, Qinghua},
    number = {1},
    volume = {268},
    doi = {10.1016/j.ejor.2018.01.019},
    issn = {03772217}
}

@article{Bouly2010AProblem,
    title = {{A memetic algorithm for the team orienteering problem}},
    year = {2010},
    journal = {4OR},
    author = {Bouly, Hermann and Dang, Duc Cuong and Moukrim, Aziz},
    number = {1},
    volume = {8},
    doi = {10.1007/s10288-008-0094-4},
    issn = {16142411}
}

@inproceedings{Alrasheed2020ASystem,
    title = {{A Multi-Level Tourism Destination Recommender System}},
    year = {2020},
    booktitle = {Procedia Computer Science},
    author = {Alrasheed, Hend and Alzeer, Arwa and Alhowimel, Arwa and Shameri, Nora and Althyabi, Aisha},
    pages = {333--340},
    volume = {170},
    publisher = {Elsevier B.V.},
    doi = {10.1016/j.procs.2020.03.047},
    issn = {18770509},
    keywords = {Tourism recommender systems, Web scraping, constraints, destination ranking, user preferences}
}

@misc{YangACoRR,
    title = {{A neural network approach to joint modeling social networks and mobile trajectories, CoRR}},
    author = {Yang, C and Sun, M and Zhao, W X and Liu, Z and Chang, E Y},
    pages = {1606--8154},
    volume = {arXiv:},
    language = {}
}

@article{Souffriau2008AGuides,
    title = {{A personalized tourist trip design algorithm for mobile tourist guides}},
    year = {2008},
    journal = {Applied Artificial Intelligence},
    author = {Souffriau, Wouter and Vansteenwegen, Pieter and Vertommen, Joris and Berghe, Greet Vanden and Oudheusden, Dirk Van},
    number = {10},
    pages = {964--985},
    volume = {22},
    publisher = {Taylor {\&} Francis}
}

@article{Souffriau2008AGuidesb,
    title = {{A personalized tourist trip design algorithm for mobile tourist guides}},
    year = {2008},
    journal = {Applied Artificial Intelligence},
    author = {Souffriau, Wouter and Vansteenwegen, Pieter and Vertommen, Joris and Berghe, Greet Vanden and Oudheusden, Dirk Van},
    number = {10},
    pages = {964--985},
    volume = {22},
    publisher = {Taylor {\&} Francis}
}

@article{Choi2021ATourismcity,
    title = {{A recommender system based on personal constraints for smart tourism city}},
    year = {2021},
    journal = {Asia Pacific Journal of Tourism Research},
    author = {Choi, Il Young and Ryu, Young U. and Kim, Jae Kyeong},
    number = {4},
    volume = {26},
    doi = {10.1080/10941665.2019.1592765},
    issn = {17416507}
}

@inproceedings{YangASystem,
    title = {{A sentiment-enhanced personalized location recommendation system}},
    booktitle = {Proceedings of the 24th ACM Conference on Hypertext and Social Media, HT},
    author = {Yang, D and Zhang, D and Yu, Z and Wang, Z},
    pages = {119--128},
    address = {in},
    language = {}
}

@article{E.2005AProblem,
    title = {{A TABU search heuristic for the team orienteering problem}},
    year = {2005},
    journal = {Computers and Operations Research},
    author = {E., Miller-Hooks},
    pages = {1379},
    volume = {32}
}

@article{Emmerich2018AMethods,
    title = {{A tutorial on multiobjective optimization: fundamentals and evolutionary methods}},
    year = {2018},
    journal = {Natural Computing},
    author = {Emmerich, Michael T.M. and Deutz, André H.},
    number = {3},
    volume = {17},
    doi = {10.1007/s11047-018-9685-y},
    issn = {15729796}
}

@article{Fonseca2005AOptimizers,
    title = {{A tutorial on the performance assessment of stochastic multiobjective optimizers}},
    year = {2005},
    journal = {{\ldots} -Criterion Optimization ( {\ldots}},
    author = {Fonseca, Cm and Knowles, Jd},
    number = {Emo}
}

@inproceedings{Choi2015ARecommendations,
    title = {{A two-tiered recommender system for tourism product recommendations}},
    year = {2015},
    booktitle = {Proceedings of the Annual Hawaii International Conference on System Sciences},
    author = {Choi, Il Young and Kim, Jae Kyeong and Ryu, Young U.},
    volume = {2015-March},
    doi = {10.1109/HICSS.2015.405},
    issn = {15301605}
}

@article{Linden2003Amazon.comFiltering,
    title = {{Amazon.com recommendations: Item-to-item collaborative filtering}},
    year = {2003},
    journal = {IEEE Internet Computing},
    author = {Linden, Greg and Smith, Brent and York, Jeremy},
    number = {1},
    volume = {7},
    doi = {10.1109/MIC.2003.1167344},
    issn = {10897801}
}

@article{Liang2006AnProblem,
    title = {{An ant colony approach to the orienteering problem}},
    year = {2006},
    journal = {Journal of the Chinese Institute of Industrial Engineers},
    author = {Liang, Yun Chia and Smith, Alice E.},
    number = {5},
    volume = {23},
    doi = {10.1080/10170660609509336},
    issn = {21517606}
}

@article{Kobeaga2018AnProblem,
    title = {{An efficient evolutionary algorithm for the orienteering problem}},
    year = {2018},
    journal = {Computers and Operations Research},
    author = {Kobeaga, Gorka and Merino, María and Lozano, Jose A.},
    volume = {90},
    doi = {10.1016/j.cor.2017.09.003},
    issn = {03050548}
}

@article{Ramesh1991AnProblem,
    title = {{An efficient four-phase heuristic for the generalized orienteering problem}},
    year = {1991},
    journal = {Computers {\&} Operations Research},
    author = {Ramesh, Ram and Brown, Kathleen M},
    number = {2},
    pages = {151--165},
    volume = {18},
    publisher = {Elsevier}
}

@article{Thiengburanathum2018AnTourists,
    title = {{An intelligent destination recommendation system for tourists}},
    year = {2018},
    journal = {PQDT - UK {\&} Ireland},
    author = {Thiengburanathum, Pree},
    number = {March}
}

@article{Hu2014AnWindows,
    title = {{An iterative three-component heuristic for the team orienteering problem with time windows}},
    year = {2014},
    journal = {European Journal of Operational Research},
    author = {Hu, Qian and Lim, Andrew},
    number = {2},
    volume = {232},
    doi = {10.1016/j.ejor.2013.06.011},
    issn = {03772217}
}

@inproceedings{Alaya2007AntProblems,
    title = {{Ant colony optimization for multi-objective optimization problems}},
    year = {2007},
    booktitle = {Proceedings - International Conference on Tools with Artificial Intelligence, ICTAI},
    author = {Alaya, Inès and Solnon, Christine and Gh{\'{e}}dira, Khaled},
    volume = {1},
    doi = {10.1109/ICTAI.2007.108},
    issn = {10823409}
}

@article{Ke2008AntsProblem,
    title = {{Ants can solve the team orienteering problem}},
    year = {2008},
    journal = {Computers and Industrial Engineering},
    author = {Ke, Liangjun and Archetti, Claudia and Feng, Zuren},
    number = {3},
    volume = {54},
    doi = {10.1016/j.cie.2007.10.001},
    issn = {03608352}
}

@article{Angel2004ApproximatingProblem,
    title = {{Approximating the Pareto curve with local search for the bicriteria TSP(1,2) problem}},
    year = {2004},
    journal = {Theoretical Computer Science},
    author = {Angel, Eric and Bampis, Evripidis and Gourv{\`{e}}s, Laurent},
    number = {1-3},
    volume = {310},
    doi = {10.1016/S0304-3975(03)00376-1},
    issn = {03043975}
}

@article{Teodorovic2009BeeBCO,
    title = {{Bee colony optimization (BCO)}},
    year = {2009},
    journal = {Studies in Computational Intelligence},
    author = {Teodorovi{\'{c}}, Dušan},
    volume = {248},
    doi = {10.1007/978-3-642-04225-6{\_}3},
    issn = {1860949X}
}

@techreport{Terveen2001BeyondOther,
    title = {{Beyond Recommender Systems: Helping People Help Each Other}},
    year = {2001},
    author = {Terveen, Loren and Hill, Will},
    pages = {2--21},
    publisher = {Addison-Wesley}
}

@inproceedings{Amatriain2013BigRecommendations,
    title = {{Big {\&} personal: Data and models behind Netflix recommendations}},
    year = {2013},
    booktitle = {Proc. of 2nd Int. Workshop on Big Data, Streams and Heterogeneous Source Mining: Algorithms, Systems, Programming Models and Applications, BigMine 2013 - Held in Conj. with SIGKDD 2013 Conf.},
    author = {Amatriain, Xavier},
    doi = {10.1145/2501221.2501222}
}

@article{Arif2020Blockchain-BasedSystem,
    title = {{Blockchain-Based Data Sharing for Decentralized Tourism Destinations Recommendation System}},
    year = {2020},
    journal = {International Journal of Intelligent Engineering and Systems},
    author = {Arif, Yunifa Miftachul and Nurhayati, Hani and Kurniawan, Fachrul and Nugroho, Supeno Mardi Susiki and Hariadi, Mochamad},
    number = {6},
    volume = {13},
    doi = {10.22266/ijies2020.1231.42},
    issn = {21853118}
}

@inproceedings{RendleBPR:Feedback,
    title = {{BPR: Bayesian personalized ranking from implicit feedback}},
    booktitle = {Proceedings of the TwentyFifth Conference on Uncertainty in Artificial Intelligence, UAI 2009},
    author = {Rendle, S and Freudenthaler, C and Gantner, Z and Schmidt-Thieme, L},
    pages = {452--461},
    publisher = {AUAI Press},
    address = {in},
    language = {}
}

@article{Ghazanfar2010BuildingFiltering,
    title = {{Building switching hybrid recommender system using machine learning classifiers and collaborative filtering}},
    year = {2010},
    journal = {IAENG International Journal of Computer Science},
    author = {Ghazanfar, Mustansar Ali and Pr{\"{u}}gel-Bennett, Adam},
    number = {3},
    volume = {37},
    issn = {1819656X}
}

@inproceedings{ZhaoCapturingRecommendations,
    title = {{Capturing geographical influence in POI recommendations}},
    booktitle = {Proceedings of the 20th International Conference on Neural Information Processing. Part II, ICONIP},
    author = {Zhao, S and King, I and Lyu, M R},
    pages = {530--537},
    address = {in},
    language = {}
}

@article{LianCEPR:Prediction,
    title = {{CEPR: A collaborative exploration and periodically returning model for location prediction}},
    journal = {ACM Trans. Intell. Syst. Technol},
    author = {Lian, D and Xie, X and Zheng, V W},
    pages = {8},
    volume = {6},
    language = {}
}

@inproceedings{HuCollaborativeDatasets,
    title = {{Collaborative filtering for implicit feedback datasets}},
    booktitle = {Proceedings of the Eighth IEEE International Conference on Data Mining, ICDM 2008, IEEE Computer Society},
    author = {Hu, Y and Koren, Y and Volinsky, C},
    pages = {263--272},
    address = {in},
    language = {}
}

@inproceedings{Yu2019CollectivePreference,
    title = {{Collective POI querying based on multiple keywords and user preference}},
    year = {2019},
    booktitle = {Lecture Notes in Computer Science (including subseries Lecture Notes in Artificial Intelligence and Lecture Notes in Bioinformatics)},
    author = {Yu, Dongjin and Wu, Yiyu and Liu, Chengfei and Sun, Xiaoxiao},
    volume = {11447 LNCS},
    doi = {10.1007/978-3-030-18579-4{\_}36},
    issn = {16113349}
}

@book{Engelbrecht2007ComputationalEdition,
    title = {{Computational Intelligence: An Introduction: Second Edition}},
    year = {2007},
    booktitle = {Computational Intelligence: An Introduction: Second Edition},
    author = {Engelbrecht, Andries P.},
    doi = {10.1002/9780470512517}
}

@inproceedings{LianContent-awareData,
    title = {{Content-aware collaborative filtering for location recommendation based on human mobility data}},
    booktitle = {Proceedings of the 2015 IEEE International Conference on Data Mining, ICDM 2015, IEEE Computer Society},
    author = {Lian, D and Ge, Y and Zhang, F},
    pages = {261--270},
    address = {in},
    language = {}
}

@inproceedings{GaoContent-awareNetworks,
    title = {{Content-aware point of interest recommendation on location-based social networks}},
    booktitle = {Proceedings of the Twenty-Ninth AAAI Conference on Artificial Intelligence, AAAI 2015, AAAI Press},
    author = {Gao, H and Tang, J and Hu, X and Liu, H},
    pages = {1721},
    address = {in},
    language = {}
}

@incollection{Lops2011Content-basedTrends,
    title = {{Content-based Recommender Systems: State of the Art and Trends}},
    year = {2011},
    booktitle = {Recommender Systems Handbook},
    author = {Lops, Pasquale and de Gemmis, Marco and Semeraro, Giovanni},
    pages = {73--105},
    publisher = {Springer US},
    doi = {10.1007/978-0-387-85820-3{\_}3}
}

@article{Balabanovic1997Content-BasedRecommendation,
    title = {{Content-Based, Collaborative Recommendation}},
    year = {1997},
    journal = {Communications of the ACM},
    author = {Balabanovi{\'{c}}, Marko and Shoham, Yoav},
    number = {3},
    volume = {40},
    doi = {10.1145/245108.245124},
    issn = {00010782}
}

@article{BezdekConvergenceOptimization,
    title = {{Convergence of alternating optimization}},
    journal = {Neural, Parallel Sci. Comput},
    author = {Bezdek, J C and Hathaway, R J},
    pages = {351--368},
    volume = {11},
    language = {}
}

@article{ZhangCoRe:Recommendations,
    title = {{CoRe: Exploiting the personalized influence of twodimensional geographic coordinates for location recommendations}},
    journal = {Inform. Sci},
    author = {Zhang, J.-D. and Chow, C.-Y.},
    pages = {163--181},
    volume = {293},
    language = {}
}

@inproceedings{TangCross-domainRecommendation,
    title = {{Cross-domain collaboration recommendation}},
    booktitle = {Proceedings of the 18th ACM SIGKDD International Conference on Knowledge Discovery and Data Mining, KDD},
    author = {Tang, J and Wu, S and Sun, J and Su, H},
    pages = {1285--1293},
    address = {in},
    language = {}
}

@article{M.1997Cyberguide:Guide,
    title = {{Cyberguide: A Mobile Context-Aware Tour Guide}},
    year = {1997},
    journal = {ACM Wireless Networks},
    author = {M., Pinkerton},
    pages = {421},
    volume = {3}
}

@inproceedings{PerozziDeepwalk:Representations,
    title = {{Deepwalk: Online learning of social representations}},
    booktitle = {Proceedings of the 20th ACM SIGKDD International Conference on Knowledge Discovery and},
    author = {Perozzi, B and Al-Rfou, R and Skiena, S},
    pages = {701--710},
    address = {in},
    language = {}
}

@techreport{BerkaDesigningTourism,
    title = {{Designing Recommender Systems for Tourism}},
    author = {Berka, Tobias and Pl{\"{o}}{\ss}nig, Manuela and Research, Salzburg and Str, Jakob-Haringer and Iii, /},
    keywords = {Artificial Intelligence, Recommender Systems, Software Design, Travel Recommender Systems}
}

@inproceedings{MikolovDistributedCompositionality,
    title = {{Distributed representations of words and phrases and their compositionality}},
    booktitle = {Proceedings of the 27th Annual Conference on Neural Information Processing Systems, NIPS},
    author = {Mikolov, T and Sutskever, I and Chen, K and Corrado, G S and Dean, J},
    pages = {3111--3119},
    address = {in},
    language = {}
}

@article{Chu2012DoesImages,
    title = {{Does feature selection improve classification accuracy? Impact of sample size and feature selection on classification using anatomical magnetic resonance images}},
    year = {2012},
    journal = {NeuroImage},
    author = {Chu, Carlton and Hsu, Ai Ling and Chou, Kun Hsien and Bandettini, Peter and Lin, Ching Po},
    number = {1},
    volume = {60},
    doi = {10.1016/j.neuroimage.2011.11.066},
    issn = {10538119}
}

@misc{Chagas2021EfficientlyApproach,
    title = {{Efficiently solving the thief orienteering problem with a max-min ant colony optimization approach}},
    year = {2021},
    author = {Chagas, Jonatas B C and Wagner, Markus},
    volume = {},
    url = {https://export.arxiv.org/pdf/2109.13103.pdf},
    language = {}
}

@inproceedings{Wu2018EvolutionaryProblem,
    title = {{Evolutionary computation plus dynamic programming for the Bi-objective travelling thief problem}},
    year = {2018},
    booktitle = {GECCO 2018 - Proceedings of the 2018 Genetic and Evolutionary Computation Conference},
    author = {Wu, Junhua and Wagner, Markus and Polyakovskiy, Sergey and Neumann, Frank},
    doi = {10.1145/3205455.3205488}
}

@article{Fishburn1974ExceptionalSurvey,
    title = {{Exceptional Paper—Lexicographic Orders, Utilities and Decision Rules: A Survey}},
    year = {1974},
    journal = {Management Science},
    author = {Fishburn, Peter C.},
    number = {11},
    volume = {20},
    doi = {10.1287/mnsc.20.11.1442},
    issn = {0025-1909}
}

@misc{ExperimentResults,
    title = {{Experiment and results}},
    language = {}
}

@inproceedings{YeExploitingRecommendation,
    title = {{Exploiting geographical influence for collaborative point-of-interest recommendation}},
    booktitle = {Proceedings of the 34th International ACM SIGIR Conference on Research and Development in Information Retrieval, SIGIR},
    author = {Ye, M and Yin, P and Lee, W.-C. and Lee, D},
    pages = {325--334},
    address = {in},
    language = {}
}

@inproceedings{LiuExploitingRecommendation,
    title = {{Exploiting geographical neighborhood characteristics for location recommendation}},
    author = {Liu, Y and Wei, W and Sun, A and Miao, C},
    pages = {739--748},
    address = {in},
    language = {}
}

@article{Cheng2011ExploringServices,
    title = {{Exploring Millions of Footprints in Location Sharing Services}},
    year = {2011},
    journal = {Icwsm},
    author = {Cheng, Zhiyuan and Caverlee, James and Lee, Kyumin and Sui, Daniel Z.},
    number = {Cholera},
    volume = {2010},
    doi = {papers3://publication/uuid/0C46BD5D-4908-4A8A-BD06-5BCB2F1DE282}
}

@inproceedings{GaoExploringNetworks,
    title = {{Exploring temporal effects for location recommendation on location-based social networks}},
    booktitle = {Proceedings of the Seventh ACM Conference on Recommender Systems, RecSys},
    author = {Gao, H and Tang, J and Hu, X and Liu, H},
    pages = {93--100},
    address = {in},
    language = {}
}

@article{D.2005ExploringProblem,
    title = {{Exploring Variants of 2-opt and 3-opt for the General Routing Problem}},
    year = {2005},
    journal = {Operations Research},
    author = {D., Van Oudheusden},
    pages = {982},
    volume = {53}
}

@inproceedings{ChoFriendshipNetworks,
    title = {{Friendship and mobility: user movement in location-based social networks}},
    booktitle = {Proceedings of the 17th ACM SIGKDD International Conference on Knowledge Discovery and Data Mining, KDD},
    author = {Cho, E and Myers, S A and Leskovec, J},
    pages = {1082--1090},
    address = {in},
    language = {}
}

@article{T.1996FromMorgue,
    title = {{From museum to morgue?}},
    year = {1996},
    journal = {Electronic Guides in Roman Bath. Tourism Management},
    author = {T., Walter},
    pages = {241},
    volume = {17}
}

@inproceedings{ChengFusedNetworks,
    title = {{Fused matrix factorization with geographical and social influence in location-based social networks}},
    booktitle = {Proceedings of the Twenty-Sixth AAAI Conference on Artificial Intelligence, AAAI 2012, AAAI Press},
    author = {Cheng, C and Yang, H and King, I and Lyu, M R},
    pages = {17--23},
    address = {in},
    language = {}
}

@article{DasGaussianFor,
    title = {{Gaussian lda for topic models with word embeddings, in: Proceedings of the 53rd Annual Meeting of the Association for}},
    journal = {Computational Linguistics},
    author = {Das, R and Zaheer, M and Dyer, C},
    pages = {795--804},
    volume = {1},
    language = {}
}

@inproceedings{Zhao2017Geo-teaser:Recommendation,
    title = {{Geo-teaser: Geo-temporal sequential embedding rank for point-of-interest recommendation}},
    year = {2017},
    booktitle = {26th International World Wide Web Conference 2017, WWW 2017 Companion},
    author = {Zhao, Shenglin and Zhao, Tong and King, Irwin and Lyu, Michael R.},
    doi = {10.1145/3041021.3054138}
}

@inproceedings{ZhangGeoSoCa:Recommendations,
    title = {{GeoSoCa: Exploiting geographical, social and categorical correlations for point-of-interest recommendations}},
    booktitle = {Proceedings of the 38th International ACM SIGIR Conference on Research and Development in Information Retrieval, SIGIR},
    author = {Zhang, J.-D. and Chow, C.-Y.},
    pages = {443--452},
    address = {in},
    language = {}
}

@misc{GriffithsGibbsCiteSeerX,
    title = {{Gibbs sampling in the generative model of latent Dirichlet allocation, CiteSeerX}},
    author = {Griffiths, T},
    pages = {10--11},
    language = {}
}

@article{GaoGSCorr:21st,
    title = {{gSCorr: modeling geo-social correlations for new check-ins on location-based social networks, in: Proceedings of the 21st}},
    journal = {ACM International Conference on Information and Knowledge Management, CIKM},
    author = {Gao, H and Tang, J and Liu, H},
    pages = {1582--1586},
    language = {}
}

@article{M.J.2002Gulliver039sDelivery,
    title = {{Gulliver{\&}{\#}039;s Genie: a Multi-Agent System for Ubiquitous and Intelligent Content Delivery}},
    year = {2002},
    journal = {Computer Communications},
    author = {M.J., O'Grady},
    pages = {1177},
    volume = {26}
}

@book{Gonzalez2007HandbookMetaheuristics,
    title = {{Handbook of approximation algorithms and metaheuristics}},
    year = {2007},
    booktitle = {Handbook of Approximation Algorithms and Metaheuristics},
    author = {Gonzalez, Teofilo F.},
    doi = {10.1201/9781420010749}
}

@article{T.1984HeuristicOrienteering,
    title = {{Heuristic Methods Applied to Orienteering}},
    year = {1984},
    journal = {Journal of Operational Research Society},
    author = {T., Tsiligirides},
    pages = {797},
    volume = {35}
}

@article{Burke2002HybridInteraction,
    title = {{Hybrid Recommender Systems : Survey and and Experiments. User Modelling and User-Adapted Interaction}},
    year = {2002},
    journal = {User Modeling and UserAdapted Interaction},
    author = {Burke, Robin},
    volume = {12},
    issn = {09241868}
}

@article{Labadie2011HybridizedWindows,
    title = {{Hybridized evolutionary local search algorithm for the team orienteering problem with time windows}},
    year = {2011},
    journal = {Journal of Heuristics},
    author = {Labadie, Nacima and Melechovsk{\'{y}}, Jan and Wolfler Calvo, Roberto},
    number = {6},
    volume = {17},
    doi = {10.1007/s10732-010-9153-z},
    issn = {15729397}
}

@inproceedings{ZhangIGSLR:Approach,
    title = {{iGSLR: personalized geo-social location recommendation: a kernel density estimation approach}},
    booktitle = {Proceedings of the 21st ACM SIGSPATIAL International Conference on Advances in Geographic Information Systems, SIGSPATIAL/GIS},
    author = {Zhang, J.-D. and Chow, C.-Y.},
    pages = {324--333},
    address = {in},
    language = {}
}

@article{Pan2018IndependentTourist,
    title = {{Independent travel recommendation algorithm based on analytical hierarchy process and simulated annealing for professional tourist}},
    year = {2018},
    journal = {Applied Intelligence},
    author = {Pan, Qingyi and Wang, Xiaoying},
    number = {6},
    volume = {48},
    doi = {10.1007/s10489-017-1014-0},
    issn = {15737497}
}

@book{ManningIntroductionRetrieval,
    title = {{Introduction to Information Retrieval}},
    author = {Manning, C D and Raghavan, P and Sch{\"{u}}tze, H},
    publisher = {Cambridge University Press},
    language = {}
}

@incollection{Ricci2011IntroductionHandbook,
    title = {{Introduction to Recommender Systems Handbook}},
    year = {2011},
    booktitle = {Recommender Systems Handbook},
    author = {Ricci, Francesco and Rokach, Lior and Shapira, Bracha},
    pages = {1--35},
    publisher = {Springer US},
    doi = {10.1007/978-0-387-85820-3{\_}1}
}

@article{YinJointRecommendation,
    title = {{Joint modeling of user check-in behaviors for realtime point-of-interest recommendation}},
    journal = {ACM Trans. Inf. Syst},
    author = {Yin, H and Cui, B and Zhou, X},
    pages = {11},
    volume = {35},
    language = {}
}

@techreport{Burke2000Knowledge-basedSystems,
    title = {{Knowledge-based recommender systems}},
    year = {2000},
    author = {Burke, Robin},
    pages = {180},
    url = {http://www.personallogic.com/}
}

@inproceedings{WestonLatentRetrieval,
    title = {{Latent collaborative retrieval}},
    booktitle = {Proceedings of the 29th International Conference on Machine Learning, ICML 2012},
    author = {Weston, J and Wang, C and Weiss, R J and Berenzweig, A},
    pages = {12},
    address = {in},
    language = {}
}

@inproceedings{LiuLearningRecommendation,
    title = {{Learning geographical preferences for point-ofinterest recommendation}},
    booktitle = {Proceedings of the 19th ACM SIGKDD International Conference on Knowledge Discovery and Data Mining, KDD},
    author = {Liu, B and Fu, Y and Yao, Z and Xiong, H},
    pages = {1043--1051},
    address = {in},
    language = {}
}

@inproceedings{Dadoun2019LocationRecommendation,
    title = {{Location embeddings for next trip recommendation}},
    year = {2019},
    booktitle = {The Web Conference 2019 - Companion of the World Wide Web Conference, WWW 2019},
    author = {Dadoun, Amine and Ratier, Olivier and Troncy, Raphaël and Petitti, Riccardo},
    doi = {10.1145/3308560.3316535}
}

@article{Ma2020LocationPopularity,
    title = {{Location recommendation by combining geographical, categorical, and social preferences with location popularity}},
    year = {2020},
    journal = {Information Processing and Management},
    author = {Ma, Yaxue and Mao, Jin and Ba, Zhichao and Li, Gang},
    number = {4},
    volume = {57},
    doi = {10.1016/j.ipm.2020.102251},
    issn = {03064573}
}

@inproceedings{WangLocationData,
    title = {{Location recommendation in locationbased social networks using user check-in data}},
    booktitle = {Proceedings of the 21st ACM SIGSPATIAL International Conference on Advances in Geographic Information Systems, SIGSPATIAL/GIS},
    author = {Wang, H and Terrovitis, M and Mamoulis, N},
    pages = {374--383},
    address = {in},
    language = {}
}

@inproceedings{ZhangLORE:Recommendations,
    title = {{LORE: exploiting sequential influence for location recommendations}},
    booktitle = {Proceedings of the 22nd ACM SIGSPATIAL International Conference on Advances in Geographic},
    author = {Zhang, J.-D. and Chow, C.-Y. and Li, Y},
    pages = {103--112},
    address = {in},
    language = {}
}

@article{Koren2009MatrixSystems,
    title = {{Matrix factorization techniques for recommender systems}},
    year = {2009},
    journal = {Computer},
    author = {Koren, Yehuda and Bell, Robert and Volinsky, Chris},
    number = {8},
    volume = {42},
    doi = {10.1109/MC.2009.263},
    issn = {00189162}
}

@article{Stutzle2000MAX-MINSystem,
    title = {{MAX-MIN Ant System}},
    year = {2000},
    journal = {Future Generation Computer Systems},
    author = {St{\"{u}}tzle, Thomas and Hoos, Holger H.},
    number = {8},
    volume = {16},
    doi = {10.1016/S0167-739X(00)00043-1},
    issn = {0167739X}
}

@article{Schilde2009MetaheuristicsProblem,
    title = {{Metaheuristics for the bi-objective orienteering problem}},
    year = {2009},
    journal = {Swarm Intelligence},
    author = {Schilde, Michael and Doerner, Karl F. and Hartl, Richard F. and Kiechle, Guenter},
    number = {3},
    volume = {3},
    doi = {10.1007/s11721-009-0029-5},
    issn = {19353812}
}

@article{Archetti2007MetaheuristicsProblem,
    title = {{Metaheuristics for the team orienteering problem}},
    year = {2007},
    journal = {Journal of Heuristics},
    author = {Archetti, Claudia and Hertz, Alain and Speranza, Maria Grazia},
    number = {1},
    volume = {13},
    doi = {10.1007/s10732-006-9004-0},
    issn = {13811231}
}

@book{Talbi2009Metaheuristics:Implementation,
    title = {{Metaheuristics: From Design to Implementation}},
    year = {2009},
    booktitle = {Metaheuristics: From Design to Implementation},
    author = {Talbi, El Ghazali},
    doi = {10.1002/9780470496916}
}

@article{YingMiningRecommendations,
    title = {{Mining user check-in behavior with a random walk for urban point-of-interest recommendations}},
    journal = {ACM Trans. Intell. Syst. Technol},
    author = {Ying, J and Kuo, W.-N. and Tseng, V S and Lu, E},
    pages = {40},
    volume = {5},
    language = {}
}

@inproceedings{BleiModelingData,
    title = {{Modeling annotated data}},
    booktitle = {Proceedings of the 26th Annual International ACM SIGIR Conference on Research and Development in Information Retrieval, SIGIR},
    author = {Blei, D M and Jordan, M I},
    pages = {127--134},
    address = {in},
    language = {}
}

@inproceedings{LichmanModelingDensities,
    title = {{Modeling human location data with mixtures of kernel densities}},
    booktitle = {Proceedings of the 20th ACM SIGKDD International Conference on Knowledge Discovery and},
    author = {Lichman, M and Smyth, P},
    pages = {35--44},
    address = {in},
    language = {}
}

@article{Huang2020Multi-modalNetworks,
    title = {{Multi-modal Bayesian embedding for point-of-interest recommendation on location-based cyber-physical–social networks}},
    year = {2020},
    journal = {Future Generation Computer Systems},
    author = {Huang, Liwei and Ma, Yutao and Liu, Yanbo and Sangaiah, Arun Kumar},
    volume = {108},
    doi = {10.1016/j.future.2017.12.020},
    issn = {0167739X}
}

@article{Martin-Moreno2018Multi-ObjectiveProblem,
    title = {{Multi-Objective Artificial Bee Colony algorithm applied to the bi-objective orienteering problem}},
    year = {2018},
    journal = {Knowledge-Based Systems},
    author = {Mart{\'{i}}n-Moreno, Rodrigo and Vega-Rodr{\'{i}}guez, Miguel A.},
    volume = {154},
    doi = {10.1016/j.knosys.2018.05.005},
    issn = {09507051}
}

@article{Duarte2015Multi-objectiveProblems,
    title = {{Multi-objective variable neighborhood search: an application to combinatorial optimization problems}},
    year = {2015},
    journal = {Journal of Global Optimization},
    author = {Duarte, Abraham and Pantrigo, Juan J. and Pardo, Eduardo G. and Mladenovic, Nenad},
    number = {3},
    volume = {63},
    doi = {10.1007/s10898-014-0213-z},
    issn = {15732916}
}

@article{DengOnNetworks,
    title = {{On deep learning for trust-aware recommendations in social networks}},
    journal = {IEEE Trans. Neural Netw. Learn. Syst},
    author = {Deng, S and Huang, L and Xu, G and Wu, X and Wu, Z},
    pages = {1164--1177},
    volume = {28},
    language = {}
}

@article{Mukhina2019OrienteeringConstruction,
    title = {{Orienteering Problem with Functional Profits for multi-source dynamic path construction}},
    year = {2019},
    journal = {PLoS ONE},
    author = {Mukhina, Ksenia D. and Visheratin, Alexander A. and Nasonov, Denis},
    number = {4},
    month = {4},
    volume = {14},
    publisher = {Public Library of Science},
    doi = {10.1371/journal.pone.0213777},
    issn = {19326203},
    pmid = {30939132}
}

@misc{NardelliOsmotic4,
    title = {{Osmotic flow: Osmotic computing + IoT workflow, IEEE Cloud Comput. 4}},
    author = {Nardelli, M and Nastic, S and Dustdar, S and Villari, M and Ranjan, R},
    pages = {68--75},
    language = {}
}

@article{Montejo-Raez2011Otium:Leisure,
    title = {{Oti{\^{u}}m: A web based planner for tourism and leisure}},
    year = {2011},
    journal = {Expert Systems with Applications},
    author = {Montejo-R{\'{a}}ez, Arturo and Perea-Ortega, José Manuel and Garc{\'{i}}a-Cumbreras, Miguel Ángel and Mart{\'{i}}nez-Santiago, Fernando},
    number = {8},
    volume = {38},
    doi = {10.1016/j.eswa.2011.02.005},
    issn = {09574174}
}

@misc{HeinrichParameterCiteSeerX,
    title = {{Parameter estimation for text analysis, CiteSeerX}},
    author = {Heinrich, G},
    number = {1},
    pages = {149--1327},
    volume = {10},
    language = {}
}

@article{Doerner2004ParetoSelection,
    title = {{Pareto ant colony optimization: A metaheuristic approach to multiobjective portfolio selection}},
    year = {2004},
    journal = {Annals of Operations Research},
    author = {Doerner, Karl and Gutjahr, Walter J. and Hartl, Richard F. and Strauss, Christine and Stummer, Christian},
    number = {1-4},
    volume = {131},
    doi = {10.1023/B:ANOR.0000039513.99038.c6},
    issn = {02545330}
}

@incollection{Paquete2004ParetoStudy,
    title = {{Pareto Local Optimum Sets in the Biobjective Traveling Salesman Problem: An Experimental Study}},
    year = {2004},
    author = {Paquete, Luis and Chiarandini, Marco and St{\"{u}}tzle, Thomas},
    doi = {10.1007/978-3-642-17144-4{\_}7}
}

@inproceedings{FengPersonalizedRecommendation,
    title = {{Personalized ranking metric embedding for next new POI recommendation}},
    booktitle = {Proceedings of the Twenty-Fourth International Joint Conference on Artificial Intelligence, IJCAI 2015},
    author = {Feng, S and Li, X and Zeng, Y},
    pages = {2069--2075},
    publisher = {AAAI Press},
    address = {in},
    language = {}
}

@inproceedings{Ibanez2016PlanningStyles,
    title = {{Planning tourist agendas for different travel styles}},
    year = {2016},
    booktitle = {Frontiers in Artificial Intelligence and Applications},
    author = {Iba{\~{n}}ez, Jesus and Sebastia, Laura and Onaindia, Eva},
    volume = {285},
    doi = {10.3233/978-1-61499-672-9-1818},
    issn = {09226389}
}

@inproceedings{Liao2018POIFactorization,
    title = {{POI recommendation of location-based social networks using tensor factorization}},
    year = {2018},
    booktitle = {Proceedings - IEEE International Conference on Mobile Data Management},
    author = {Liao, Guoqiong and Jiang, Shan and Zhou, Zhiheng and Wan, Changxuan and Liu, Xiping},
    volume = {2018-June},
    doi = {10.1109/MDM.2018.00028},
    issn = {15516245}
}

@article{HuangPoint-of-interestChina,
    title = {{Point-of-interest recommendation in location-based social networks with personalized geo-social influence, China}},
    journal = {Commun},
    author = {Huang, L and Ma, Y and Liu, Y},
    pages = {21--31},
    volume = {12},
    language = {}
}

@misc{ZhangPoint-of-interestSpec,
    title = {{Point-of-interest recommendations in location-based social networks, SIGSPATIAL Spec}},
    author = {Zhang, J.-D. and Chow, C.-Y.},
    pages = {26--33},
    language = {}
}

@inproceedings{LiPoint-of-interestPerspective,
    title = {{Point-of-interest recommender systems: a separate-space perspective}},
    booktitle = {Proceedings of the 2015 IEEE International Conference on Data Mining, ICDM 2015, IEEE Computer Society},
    author = {Li, H and Hong, R and Zhu, S and Ge, Y},
    pages = {231--240},
    address = {in},
    language = {}
}

@misc{Schiaffino2006PoliteAgents,
    title = {{Polite personal agents}},
    year = {2006},
    booktitle = {IEEE Intelligent Systems},
    author = {Schiaffino, Silvia and Amandi, Analia},
    number = {1},
    volume = {21},
    doi = {10.1109/MIS.2006.15},
    issn = {15411672}
}

@article{Chen2020PracticalRecommendation,
    title = {{Practical Privacy Preserving POI Recommendation}},
    year = {2020},
    journal = {ACM Transactions on Intelligent Systems and Technology},
    author = {Chen, Chaochao and Zhou, Jun and Wu, Bingzhe and Fang, Wenjing and Wang, Li and Qi, Yuan and Zheng, Xiaolin},
    number = {5},
    volume = {11},
    doi = {10.1145/3394138},
    issn = {21576912}
}

@inproceedings{LiuPredictingContexts,
    title = {{Predicting the next location: A recurrent model with spatial and temporal contexts}},
    booktitle = {Proceedings of the Thirtieth AAAI Con ference on Artificial Intelligence, AAAI 2016},
    author = {Liu, Q and Wu, S and Wang, L and Tan, T},
    pages = {194--200},
    publisher = {AAAI Press},
    address = {in},
    language = {}
}

@inproceedings{Dadoun2021PredictingRecommendation,
    title = {{Predicting your next trip: A knowledge graph-based multi-task learning approach for travel destination recommendation}},
    year = {2021},
    booktitle = {CEUR Workshop Proceedings},
    author = {Dadoun, Amine and Troncy, Raphaël and Defoin-Platel, Michael and Solano, Gerardo Ayala},
    volume = {2974},
    issn = {16130073}
}

@inproceedings{Chen2018PrivacyFactorization,
    title = {{Privacy preserving point-of-interest recommendation using decentralized matrix factorization}},
    year = {2018},
    booktitle = {32nd AAAI Conference on Artificial Intelligence, AAAI 2018},
    author = {Chen, Chaochao and Liu, Ziqi and Zhao, Peilin and Zhou, Jun and Li, Xiaolong}
}

@article{WangReputationSystems,
    title = {{Reputation measurement and malicious feedback rating prevention in web service recommendation systems}},
    journal = {IEEE Trans. Serv. Comput},
    author = {Wang, S and Zheng, Z and Wu, Z and Lyu, M R and Yang, F},
    pages = {755--767},
    volume = {8},
    language = {}
}

@incollection{Serafini1994SimulatedProblems,
    title = {{Simulated Annealing for Multi Objective Optimization Problems}},
    year = {1994},
    booktitle = {Multiple Criteria Decision Making},
    author = {Serafini, Paolo},
    doi = {10.1007/978-1-4612-2666-6{\_}29}
}

@inproceedings{Vandewalle1990SingularProcessing,
    title = {{Singular Value Decomposition: a powerful concept and tool in signal processing}},
    year = {1990},
    author = {Vandewalle, Joos and Callaerts, Dirk}
}

@incollection{Buhalis2015SmartServices,
    title = {{Smart Tourism Destinations Enhancing Tourism Experience Through Personalisation of Services}},
    year = {2015},
    booktitle = {Information and Communication Technologies in Tourism 2015},
    author = {Buhalis, Dimitrios and Amaranggana, Aditya},
    doi = {10.1007/978-3-319-14343-9{\_}28}
}

@inproceedings{HuSpatialRecommendation,
    title = {{Spatial topic modeling in online social media for location recommendation}},
    booktitle = {Proceedings of the 7th ACM Conference on Recommender Systems, RecSys},
    author = {Hu, B and Ester, M},
    pages = {25--32},
    address = {in},
    language = {}
}

@inproceedings{Wagner2016StealingProblem,
    title = {{Stealing items more efficiently with ants: A swarm intelligence approach to the travelling thief problem}},
    year = {2016},
    booktitle = {Lecture Notes in Computer Science (including subseries Lecture Notes in Artificial Intelligence and Lecture Notes in Bioinformatics)},
    author = {Wagner, Markus},
    volume = {9882 LNCS},
    doi = {10.1007/978-3-319-44427-7{\_}25},
    issn = {16113349}
}

@inproceedings{Zhao2016STELLAR:Recommendation,
    title = {{STELLAR: Spatial-temporal latent ranking for successive point-of-interest recommendation}},
    year = {2016},
    booktitle = {30th AAAI Conference on Artificial Intelligence, AAAI 2016},
    author = {Zhao, Shenglin and Zhao, Tong and Yang, Haiqin and Lyu, Michael R. and King, Irwin}
}

@book{HolgerH2013StochasticApplications,
    title = {{Stochastic Local Search: Foundations and Applications}},
    year = {2013},
    booktitle = {Journal of Chemical Information and Modeling},
    author = {Holger H, Hoos and Thomas, Stützle},
    number = {9},
    volume = {53},
    issn = {1098-6596}
}

@article{Sevkli2010StPSO:Optimization,
    title = {{StPSO: Strengthened particle swarm optimization}},
    year = {2010},
    journal = {Turkish Journal of Electrical Engineering and Computer Sciences},
    author = {{\c{S}}evkli, Aişe Zülal and Sevilgen, Fatih Erdoǧan},
    number = {6},
    volume = {18},
    doi = {10.3906/elk-0909-18},
    issn = {13000632}
}

@article{ChenSVDFeature:Filtering,
    title = {{SVDFeature: a toolkit for feature-based collaborative filtering}},
    journal = {J. Mach. Learn. Res},
    author = {Chen, T and Zhang, W and Lu, Q},
    pages = {3619--3622},
    volume = {13},
    language = {}
}

@article{Gandibleux2000TabuCase,
    title = {{Tabu search based procedure for solving the 0-1 multiobjective knapsack problem: The two objectives case}},
    year = {2000},
    journal = {Journal of Heuristics},
    author = {Gandibleux, Xavier and Freville, Arnaud},
    number = {3},
    volume = {6},
    doi = {10.1023/A:1009682532542},
    issn = {13811231}
}

@article{Ladeira2019TheAlgorithms,
    title = {{The algorithm and the flow: Netflix, machine learning and recommendation algorithms}},
    year = {2019},
    journal = {Intexto},
    author = {Ladeira, João Damasceno Martins},
    number = {47},
    doi = {10.19132/1807-8583201947.166-184},
    issn = {1807-8583}
}

@incollection{Dorigo2018TheMetaheuristic,
    title = {{The Ant Colony Optimization Metaheuristic}},
    year = {2018},
    booktitle = {Ant Colony Optimization},
    author = {Dorigo, Marco and St{\"{u}}tzle, Thomas},
    doi = {10.7551/mitpress/1290.003.0004}
}

@incollection{Kellerer2004TheProblem,
    title = {{The Bounded Knapsack Problem}},
    year = {2004},
    booktitle = {Knapsack Problems},
    author = {Kellerer, Hans and Pferschy, Ulrich and Pisinger, David},
    doi = {10.1007/978-3-540-24777-7{\_}7}
}

@article{Vansteenwegen2007TheOpportunity,
    title = {{The Mobile Tourist Guide: An OR Opportunity}},
    year = {2007},
    journal = {OR Insight},
    author = {Vansteenwegen, Pieter and Oudheusden, Dirk Van},
    number = {3},
    pages = {21--27},
    volume = {20},
    publisher = {Taylor {\&} Francis},
    url = {https://www.tandfonline.com/doi/abs/10.1057/ori.2007.17},
    doi = {10.1057/ori.2007.17}
}

@incollection{Kellerer2004TheProblemb,
    title = {{The Multiple-Choice Knapsack Problem}},
    year = {2004},
    booktitle = {Knapsack Problems},
    author = {Kellerer, Hans and Pferschy, Ulrich and Pisinger, David},
    doi = {10.1007/978-3-540-24777-7{\_}11}
}

@article{Golden1987TheProblem,
    title = {{The orienteering problem}},
    year = {1987},
    journal = {Naval Research Logistics (NRL)},
    author = {Golden, Bruce L and Levy, Larry and Vohra, Rakesh},
    number = {3},
    pages = {307--318},
    volume = {34},
    publisher = {Wiley Online Library}
}

@article{Ilhan2008TheProfits,
    title = {{The orienteering problem with stochastic profits}},
    year = {2008},
    journal = {IIE Transactions (Institute of Industrial Engineers)},
    author = {Ilhan, Taylan and Iravani, Seyed M.R. and Daskin, Mark S.},
    number = {4},
    volume = {40},
    doi = {10.1080/07408170701592481},
    issn = {0740817X}
}

@misc{Vansteenwegen2011TheSurvey,
    title = {{The orienteering problem: A survey}},
    year = {2011},
    booktitle = {European Journal of Operational Research},
    author = {Vansteenwegen, Pieter and Souffriau, Wouter and Oudheusden, Dirk Van},
    number = {1},
    volume = {209},
    doi = {10.1016/j.ejor.2010.03.045},
    issn = {03772217}
}

@inproceedings{Santos2018TheApproaches,
    title = {{The Thief Orienteering Problem: Formulation and Heuristic Approaches}},
    year = {2018},
    booktitle = {2018 IEEE Congress on Evolutionary Computation, CEC 2018 - Proceedings},
    author = {Santos, André G. and Chagas, Jonatas B.C.},
    doi = {10.1109/CEC.2018.8477853}
}

@article{S.1996TheSearch,
    title = {{The Vehicle Routing Problem with Time Windows, part 2: genetic search}},
    year = {1996},
    journal = {INFORMS Journal on Computing},
    author = {S., Bengio},
    pages = {165},
    volume = {8}
}

@article{A.2006TouristProject,
    title = {{Tourist Information Delivered Through Mobile Devices: Findings from the IMAGE Project}},
    year = {2006},
    journal = {Information Technology {\&} Tourism},
    author = {A., Weihong-Guo},
    pages = {31},
    volume = {8}
}

@article{DengTowardChallenges,
    title = {{Toward mobile service computing: Opportunities and challenges}},
    journal = {IEEE Cloud Comput},
    author = {Deng, S},
    pages = {32--41},
    volume = {3},
    language = {}
}

@misc{Adomavicius2005TowardExtensions,
    title = {{Toward the next generation of recommender systems: A survey of the state-of-the-art and possible extensions}},
    year = {2005},
    booktitle = {IEEE Transactions on Knowledge and Data Engineering},
    author = {Adomavicius, Gediminas and Tuzhilin, Alexander},
    number = {6},
    volume = {17},
    doi = {10.1109/TKDE.2005.99},
    issn = {10414347}
}

@inproceedings{YingUrbanBehaviors,
    title = {{Urban point-of-interest recommendation by mining user check-in behaviors}},
    booktitle = {Proceedings of the ACM SIGKDD International Workshop on Urban Computing, UrbComp@KDD},
    author = {Ying, J and Lu, E and Kuo, W.-N. and Tseng, V S},
    pages = {63--70},
    address = {in},
    language = {}
}

@article{A.2001UsingGuide,
    title = {{Using and Determining Location in a Context-Sensitive Tour Guide}},
    year = {2001},
    journal = {IEEE Computer: Special Issues on Location Aware Computing},
    author = {A., Efrat},
    pages = {35},
    volume = {34}
}

@misc{Gunawan2015Well-TunedWindows,
    title = {{Well-Tuned ILS for Extended Team Orienteering Problem with Time Windows}},
    year = {2015},
    booktitle = {LARC Technical Report Series},
    author = {Gunawan, Aldy and Lau, Hoong Chuin and Lu, Kun}
}

@inproceedings{YeWhatsNetworks,
    title = {{What’s your next move: User activity prediction in location-based social networks}},
    booktitle = {Proceedings of the 2013 SIAM International Conference on Data Mining, SIAM},
    author = {Ye, J and Zhu, Z and Cheng, H},
    pages = {171--179},
    address = {in},
    language = {}
}

@inproceedings{Cheng2013WhereRecommendation,
    title = {{Where you like to go next: Successive point-of-interest recommendation}},
    year = {2013},
    booktitle = {IJCAI International Joint Conference on Artificial Intelligence},
    author = {Cheng, Chen and Yang, Haiqin and Lyu, Michael R. and King, Irwin},
    issn = {10450823}
}